@misc{flightcontroller_git,
  author = {Sofia Khokhlenok, Sunny Guo},
  title = {Flight Controller Design Project},
  year = {2025},
  howpublished = {\url{https://github.com/koshchey/design-project-flight-controller}},
  note = {Accessed: 2025-10-17}
}

@online{abbott2024,
  author = {James Abbott},
  title = {Potensic A20 Mini drone review},
  year = {2024},
  month = {3},
  day = {8},
  url = {https://www.space.com/potensic-a20-mini-drone-review},
  note  = {Accessed: 2025-10-18}
}

@online{espressif2025,
  author = {{Espressif Systems (Shanghai) Co., Ltd.}},
  title = {About- ESP32 Â· ESP-IDF Programming Guide},
  year = {2025},
  url = {https://docs.espressif.com/projects/esp-idf/en/stable/esp32/about.html},
   note  = {Accessed: 2025-10-18}
}

@online{mistral2020,
  author = {{Mistral Solutions Pvt. Ltd.}},
  title = {PCB Layout and Analysis},
  year = {2020},
  url = {https://www.mistralsolutions.com/services/pcb-layout-analysis/},
   note  = {Accessed: 2025-10-18}
}

@online{iotdesignpro2019,
  author = {IoTDesignPro},
  title = {Getting started with Espressif-IDF: Program ESP32 using ESP-IDF},
  year  = {2019},
  month = {January},
  day = {21},
  url = {https://iotdesignpro.com/projects/how-to-program-esp32-with-esp-idf},
  note  = {Accessed: 2025-10-18}
}

